<record><leader>00000cas a22000007a 4500</leader><controlfield tag="001">10638197</controlfield><controlfield tag="008">840417d19261980nmuwr ne      0    0eng d</controlfield><datafield ind1=" " ind2=" " tag="010"><subfield code="a">sn 92070430 </subfield></datafield><datafield ind1=" " ind2=" " tag="040"><subfield code="a">IQU</subfield><subfield code="b">eng</subfield><subfield code="c">IQU</subfield><subfield code="d">NSD</subfield><subfield code="d">NVM</subfield><subfield code="d">OCLCQ</subfield><subfield code="d">OCLCF</subfield><subfield code="d">OCLCO</subfield></datafield><datafield ind1="0" ind2=" " tag="041"><subfield code="a">engspa</subfield></datafield><datafield ind1=" " ind2=" " tag="042"><subfield code="a">msc</subfield></datafield><datafield ind1=" " ind2=" " tag="043"><subfield code="a">n-us-nm</subfield></datafield><datafield ind1=" " ind2=" " tag="090"><subfield code="a">AN2</subfield><subfield code="b">.N8</subfield></datafield><datafield ind1="0" ind2=" " tag="130"><subfield code="a">Santa Rosa news (Santa Rosa, N.M. : 1926)</subfield></datafield><datafield ind1="1" ind2="4" tag="245"><subfield code="a">The Santa Rosa news.</subfield></datafield><datafield ind1="1" ind2="3" tag="246"><subfield code="a">Nuevas de Santa Rosa</subfield></datafield><datafield ind1=" " ind2=" " tag="260"><subfield code="a">Santa Rosa, N.M. :</subfield><subfield code="b">M.P. Martinez</subfield></datafield><datafield ind1=" " ind2=" " tag="300"><subfield code="a">v.</subfield></datafield><datafield ind1=" " ind2=" " tag="310"><subfield code="a">Weekly</subfield></datafield><datafield ind1="0" ind2=" " tag="362"><subfield code="a">Vol. 3, no. 31 (Dec. 3, 1926)-57th year, no. 3 (Apr. 3, 1980).</subfield></datafield><datafield ind1=" " ind2=" " tag="530"><subfield code="a">Also on microfilm: El Paso, Tex. : Southwest Micropublishing, Inc.</subfield></datafield><datafield ind1=" " ind2=" " tag="546"><subfield code="a">In English and Spanish.</subfield></datafield><datafield ind1=" " ind2=" " tag="580"><subfield code="a">Spanish ed.: Nuevas de Nuevo Me&#769;jico, Aug. 4, 1966-Jan. 1, 1967.</subfield></datafield><datafield ind1=" " ind2="0" tag="651"><subfield code="a">Santa Rosa (N.M.)</subfield><subfield code="v">Newspapers.</subfield></datafield><datafield ind1=" " ind2="0" tag="651"><subfield code="a">Guadalupe County (N.M.)</subfield><subfield code="v">Newspapers.</subfield></datafield><datafield ind1=" " ind2="0" tag="650"><subfield code="a">Hispanic Americans</subfield><subfield code="z">New Mexico</subfield><subfield code="v">Newspapers.</subfield></datafield><datafield ind1=" " ind2="7" tag="655"><subfield code="a">Newspapers.</subfield><subfield code="2">fast</subfield><subfield code="0">(OCoLC)fst01423814</subfield></datafield><datafield ind1=" " ind2="7" tag="650"><subfield code="a">Hispanic Americans.</subfield><subfield code="2">fast</subfield><subfield code="0">(OCoLC)fst00957523</subfield></datafield><datafield ind1=" " ind2="7" tag="651"><subfield code="a">New Mexico.</subfield><subfield code="2">fast</subfield><subfield code="0">(OCoLC)fst01204269</subfield></datafield><datafield ind1=" " ind2="7" tag="651"><subfield code="a">New Mexico</subfield><subfield code="z">Guadalupe County.</subfield><subfield code="2">fast</subfield><subfield code="0">(OCoLC)fst01221220</subfield></datafield><datafield ind1=" " ind2="7" tag="651"><subfield code="a">New Mexico</subfield><subfield code="z">Santa Rosa.</subfield><subfield code="2">fast</subfield><subfield code="0">(OCoLC)fst01210338</subfield></datafield><datafield ind1=" " ind2=" " tag="752"><subfield code="a">United States</subfield><subfield code="b">New Mexico</subfield><subfield code="c">Guadalupe</subfield><subfield code="d">Santa Rosa.</subfield></datafield><datafield ind1="1" ind2=" " tag="775"><subfield code="t">Nuevas de Nuevo Me&#769;jico</subfield><subfield code="w">(DLC)sn 92070431</subfield></datafield><datafield ind1="0" ind2="0" tag="780"><subfield code="t">Nuevas</subfield><subfield code="w">(DLC)sn 92070432</subfield></datafield><datafield ind1="0" ind2="5" tag="780"><subfield code="t">Vaughn news</subfield><subfield code="w">(DLC)sn 92070433</subfield></datafield><datafield ind1="0" ind2="0" tag="785"><subfield code="t">News (Santa Rosa, N.M. : 1980)</subfield><subfield code="w">(DLC)sn 94056810</subfield></datafield></record>